% TODO: UNSURE
@techreport{samsung2014,
  author  = {{Samsung SDI Co., Ltd.}},
  title   = {Specification of Product: Lithium-ion Rechargeable Cell for Power Tools (Model: INR18650-25R)},
  year    = {2014},
  month   = {March},
  version = {1.0}
}

@manual{lsm6dso-datasheet,
  title        = {{LSM6DSO: iNEMO inertial module: always-on 3D accelerometer and 3D gyroscope}},
  author       = {{STMicroelectronics}},
  organization = {{STMicroelectronics}},
  year         = {2019},
  month        = {January},
  url          = {{https://www.st.com/resource/en/datasheet/lsm6dso.pdf}},
  note         = {{DS12140 - Rev 2 - January 2019}}
}
