@inproceedings{toorian2008cubesat,
  title={The cubesat approach to space access},
  author={Toorian, Armen and Diaz, Ken and Lee, Simon},
  booktitle={2008 IEEE aerospace conference},
  pages={1--14},
  year={2008},
  organization={IEEE}
}

% % TODO: FIXME
@@techreport{jacklin2019small,
  title={Small-satellite mission failure rates},
  author={Jacklin, Stephen A},
  year={2019}
}

@article{welle2020overview,
  title={Overview of CubeSat Technology},
  author={Welle, Richard P},
  journal={Handbook of Small Satellites: Technology, Design, Manufacture, Applications, Economics and Regulation},
  pages={1--17},
  year={2020},
  publisher={Springer}
}

@article{bouwmeester2022improving,
  title={Improving CubeSat reliability: Subsystem redundancy or improved testing?},
  author={Bouwmeester, Jasper and Menicucci, Alessandra and Gill, Eberhard KA},
  journal={Reliability Engineering \& System Safety},
  volume={220},
  pages={108288},
  year={2022},
  publisher={Elsevier}
}

@article{slongo2019pre,
  title={Pre-flight qualification test procedure for nanosatellites using sounding rockets},
  author={Slongo, Leonardo Kessler and Reis, Jo{\~a}o Gabriel and Gaiki, Daniel and Seger, Pedro Von Hohendorff and Mart{\'\i}nez, Sara Vega and Eiterer, Bruno Vale Barbosa and Pereira, Tulio Gomes and Neto, Mario Baldini and dos Santos Frata, Matheus and Hamisch, Henrique Daniel and others},
  journal={Acta Astronautica},
  volume={159},
  pages={564--577},
  year={2019},
  publisher={Elsevier}
}

@inproceedings{amberkar2020suborbital,
  title={Suborbital Payload testing aboard level 3 rocket research platform},
  author={Amberkar, Nikita and Duraisamy, Vijay Vishal and Mastroliberti, Melisa and Munasinghe, Michelle and Maupin, Gabriel and Llanos, Pedro J and Gangadharan, Sathya N},
  booktitle={AIAA scitech 2020 forum},
  pages={0070},
  year={2020}
}

@inproceedings{gordon2015benefits,
  title={Benefits of spacecraft level vibration testing},
  author={Gordon, Scott and Kern, Dennis L},
  booktitle={Aerospace Testing Seminar},
  number={GSFC-E-DAA-TN26994},
  year={2015}
}

@book{seibert2006history,
  title={The history of sounding rockets and their contribution to European space research},
  author={Seibert, G{\"u}nther and Battrick, Bruce T},
  year={2006},
  publisher={ESA Publications division Noordwijk}
}

@misc{nasa-gevs,
    title = "{General Environmental Verification Standard (GEVS) for GSFC Flight Programs and Projects}",
    author = "{NASA Goddard Space Flight Center}",
    howpublished = "{NASA Technical Standard}",
    month = "April",
    year = "2021",
    note = "{Document date: April 28, 2021.}",
    url = "{https://standards.nasa.gov/standard/GSFC/GSFC-STD-7000}",
    organization = "{NASA Goddard Space Flight Center}",
}

@article{cho2012overview,
  title={Overview of nano-satellite environmental tests standardization project: test campaign and standard draft},
  author={Cho, Mengu and Masui, Hirokazu and Hatamura, Toru and Horii, Shigekatsu and Obata, Shoichi and others},
  year={2012}
}

@article{aglietti2019spacecraft,
  title={Spacecraft structure model validation and test philosophy},
  author={Aglietti, Guglielmo S and Remedia, Marcello and Appolloni, Matteo and Kiley, Andrew},
  journal={AIAA Journal},
  volume={57},
  number={5},
  pages={2109--2122},
  year={2019},
  publisher={American Institute of Aeronautics and Astronautics}
}

@book{brown_elements_2002,
	address = {Reston, VA},
	series = {{AIAA} education series},
	title = {Elements of spacecraft design},
	isbn = {978-1-60086-051-5 1-60086-051-6 978-1-60086-179-6 1-60086-179-2},
	url = {https://doi.org/10.2514/4.861796},
	language = {English},
	publisher = {American Institute of Aeronautics and Astronautics},
	author = {Brown, 1930-, Charles D.},
	year = {2002},
}

@techreport{bement1995manual,
  title={A manual for pyrotechnic design, development and qualification},
  author={Bement, Laurence J and Schimmel, Morry L},
  year={1995}
}

@article{nieto2019cubesat,
  title={CubeSat mission: From design to operation},
  author={Nieto-Peroy, Crist{\'o}bal and Emami, M Reza},
  journal={Applied Sciences},
  volume={9},
  number={15},
  pages={3110},
  year={2019},
  publisher={MDPI}
}

@inproceedings{jiao2019outgassing,
  title={Outgassing environment of spacecraft: an overview},
  author={Jiao, Zilong and Jiang, Lixiang and Sun, Jipeng and Huang, Jianguo and Zhu, Yunfei},
  booktitle={IOP Conference Series: Materials Science and Engineering},
  volume={611},
  number={1},
  pages={012071},
  year={2019},
  organization={IOP Publishing}
}

@book{canepa2005modern,
  title={Modern high-power rocketry},
  author={Canepa, Mark},
  volume={2},
  year={2005},
  publisher={Trafford Publishing}
}

@article{cohen2020rocket,
  title={Rocket Investigation of Current Closure in the Ionosphere (RICCI): A novel application of CubeSats from a sounding rocket platform},
  author={Cohen, Ian J and Anderson, Brian J and Bonnell, John W and Lysak, Robert L and Lessard, Marc R and Michell, Robert G and Varney, Roger H},
  journal={Advances in Space Research},
  volume={66},
  number={1},
  pages={98--106},
  year={2020},
  publisher={Elsevier}
}

@article{pont2019rexus,
  title={REXUS-25 rocket flight of a CubeSat cosmic-ray detector},
  author={Pont, BBT and Beurskens, Jochem and Dalderup, J and Dolron, Peter and Gubbels, J and Horandel, J and Jordans, Roel and Pourshaghaghi, HR and Sz{\'a}las-Motesiczky, D and Vliet, T van and others},
  year={2019},
  publisher={[Sl]: PoS}
}

@ARTICLE{9316404,
  author={Mariano, Marcelino Gabriel and Morsch, Filho Edemar and Vega, Martinez Sara and Pio, De Mattos Andr√© Martins and Oriel, Seman Laio and Kessler, Slongo Leonardo and Augusto, Bezerra Eduardo},
  journal={Journal of Systems Engineering and Electronics}, 
  title={Qualification and validation test methodology of the open-source CubeSat FloripaSat-I}, 
  year={2020},
  volume={31},
  number={6},
  pages={1230-1244},
  keywords={Frequency modulation;Modeling;CubeSat;Gravity;Open source software;Thermal sensors;Rockets;embedded system;nanosatellite;cubesats;test methodology},
  doi={10.23919/JSEE.2020.000103}}

@article{bulut2021thermal,
  title={Thermal design, analysis, and testing of the first Turkish 3U communication CubeSat in low earth orbit},
  author={Bulut, Murat},
  journal={Journal of Thermal Analysis and Calorimetry},
  volume={143},
  number={6},
  pages={4341--4353},
  year={2021},
  publisher={Springer}
}

@article{mason2018cubesat,
  title={CubeSat on-orbit temperature comparison to thermal-balance-tuned-model predictions},
  author={Mason, James Paul and Lamprecht, Bret and Woods, Thomas N and Downs, Chloe},
  journal={Journal of Thermophysics and Heat Transfer},
  volume={32},
  number={1},
  pages={237--255},
  year={2018},
  publisher={American Institute of Aeronautics and Astronautics}
}

@inproceedings{nath2022study,
  title={Study the effect of tri-axis vibration testing over single-axis vibration testing on a satellite},
  author={Nath, Narendra and Aglietti, Guglielmo S},
  booktitle={2022 IEEE Aerospace Conference (AERO)},
  pages={1--10},
  year={2022},
  organization={IEEE}
}

@phdthesis{decker2016systems,
  title={A systems-engineering assessment of multiple CubeSat build approaches},
  author={Decker, Zachary Scott},
  year={2016},
  school={Massachusetts Institute of Technology}
}

@article{rawsonbest,
  title={Best Practices and Considerations for Planning and Conducting Integration of University CubeSats},
  author={Rawson, William and Lightsey, E Glenn}
}

@article{jurist2009commercial,
  title={Commercial suborbital sounding rocket market: a role for reusable launch vehicles},
  author={Jurist, John M},
  journal={Astropolitics},
  volume={7},
  number={1},
  pages={32--49},
  year={2009},
  publisher={Taylor \& Francis}
}

@article{kahe2017reliable,
  title={Reliable flight computer for sounding rocket with dual redundancy: design and implementation based on COTS parts},
  author={Kahe, Ghasem},
  journal={International Journal of System Assurance Engineering and Management},
  volume={8},
  pages={560--571},
  year={2017},
  publisher={Springer}
}

@article{dickens2001coupled,
  title={Coupled loads analysis accuracy from the space vehicle perspective},
  author={Dickens, JM and Wittbrodt, MJ and Gate, MM and Li, LH and Stroeve, A},
  journal={Acta Astronautica},
  volume={48},
  number={1},
  pages={21--28},
  year={2001},
  publisher={Elsevier}
}
@article{casalino2012rocket,
  title={Rocket noise sources localization through a tailored beam-forming technique},
  author={Casalino, Damiano and Santini, Samuele and Genito, Mariano and Ferrara, Valerio},
  journal={AIAA journal},
  volume={50},
  number={10},
  pages={2146--2158},
  year={2012}
}

@article{miller2018accelerometer,
  title={Accelerometer mounting: comparison of stud and magnetic mounting methods},
  author={Miller, Aaron and Sburlati, Dominic and Duschlbauer, Dominik},
  journal={Hear to Listen: Acoust},
  year={2018}
}

@misc{nasa-pyroshock,
    title = "{Pyroshock test criteria}",
    author = "{National Aeronautics and Space Administration}",
    howpublished = "{NASA Technical Standard}",
    month = "December",
    year = "2011",
    url = "{https://s3vi.ndc.nasa.gov/ssri-kb/static/resources/NASA-STD-7003A.pdf}",
    organization = "{National Aeronautics and Space Administration}",
}

@manual{lsm6dso-datasheet,
    title = "{LSM6DSO: iNEMO inertial module: always-on 3D accelerometer and 3D gyroscope}",
    author = "{STMicroelectronics}",
    organization = "{STMicroelectronics}",
    year = "2019",
    month = "January",
    url = "{https://www.st.com/resource/en/datasheet/lsm6dso.pdf}",
    note = "{DS12140 - Rev 2 - January 2019}"
}

@inproceedings{wang2023numerical,
  title={Numerical simulation of the effect of combustion characteristics of main charges on the output shock of a typical igniter},
  author={Wang, JC and Ren, XW and Li, XG and Wen, YQ and Cheng, L and Guo, Q},
  booktitle={Journal of Physics: Conference Series},
  volume={2478},
  number={7},
  pages={072024},
  year={2023},
  organization={IOP Publishing}
}
