@misc{ltspice2022,
  author = {{Analog Devices}},
  title  = {LTspice Help},
  year   = {2022},
  note   = {\url{https://ltwiki.org/files/LTspiceHelp.chm/html/SPICE.htm} (accessed Oct. 8, 2024)}
}

@misc{openrocket,
  author = {{Sampo Niskanen and others}},
  year   = {2024},
  title  = {OpenRocket Simulator},
  note   = {\url{https://openrocket.info/index.html} (accessed Oct. 10, 2024)}
}

@article{falstad22falstad,
  title   = {Falstad circuit simulator},
  author  = {Falstad, P},
  journal = {\url{https://falstad.com/circuit/circuitjs.html} (accessed Oct. 14 2024)}
}
